@article{lora,
  title={Lora: Low-rank adaptation of large language models},
  author={Hu, Edward J and Shen, Yelong and Wallis, Phillip and Allen-Zhu, Zeyuan and Li, Yuanzhi and Wang, Shean and Wang, Lu and Chen, Weizhu},
  journal={arXiv preprint arXiv:2106.09685},
  year={2021}
}

@article{Zhang2019,
  title={Making Convolutional Networks Shift-Invariant Again},
  author={Zhang, Richard and Isola, Phillip},
  journal={International Conference on Machine Learning},
  pages={7324--7334},
  year={2019}
}

@article{Azulay2019,
  title={Why do deep convolutional networks generalize so poorly to small image transformations?},
  author={Azulay, Aharon and Weiss, Yair},
  journal={Journal of Machine Learning Research},
  volume={20},
  number={184},
  pages={1--25},
  year={2019}
}

@article{Chaman2021,
  title={Truly shift-invariant convolutional neural networks},
  author={Chaman, Anadi and Dokmanic, Ivan},
  journal={Proceedings of the IEEE/CVF Conference on Computer Vision and Pattern Recognition},
  pages={3773--3782},
  year={2021}
}

@article{Simonyan2015,
  title={Very deep convolutional networks for large-scale image recognition},
  author={Simonyan, Karen and Zisserman, Andrew},
  journal={International Conference on Learning Representations},
  year={2015}
}

@article{He2016,
  title={Deep residual learning for image recognition},
  author={He, Kaiming and Zhang, Xiangyu and Ren, Shaoqing and Sun, Jian},
  journal={Proceedings of the IEEE conference on computer vision and pattern recognition},
  pages={770--778},
  year={2016}
}

@article{Redmon2016,
  title={You only look once: Unified, real-time object detection},
  author={Redmon, Joseph and Divvala, Santosh and Girshick, Ross and Farhadi, Ali},
  journal={Proceedings of the IEEE conference on computer vision and pattern recognition},
  pages={779--788},
  year={2016}
}

@article{Luo2016,
  title={Understanding the effective receptive field in deep convolutional neural networks},
  author={Luo, Wenjie and Li, Yujia and Urtasun, Raquel and Zemel, Richard},
  journal={Advances in neural information processing systems},
  volume={29},
  year={2016}
}

@article{Zhang2020,
  title={Improving convolutional networks with self-calibrated convolutions},
  author={Zhang, Richard and Isola, Phillip and Efros, Alexei A},
  journal={Proceedings of the IEEE/CVF Conference on Computer Vision and Pattern Recognition},
  pages={10376--10385},
  year={2020}
}

@article{Xie2020,
  title={Self-training with noisy student improves imagenet classification},
  author={Xie, Qizhe and Luong, Minh-Thang and Hovy, Eduard and Le, Quoc V},
  journal={Proceedings of the IEEE/CVF Conference on Computer Vision and Pattern Recognition},
  pages={10687--10698},
  year={2020}
}

@article{Sohn2020,
  title={Fixmatch: Simplifying semi-supervised learning with consistency and confidence},
  author={Sohn, Kihyuk and Berthelot, David and Li, Chun-Liang and Zhang, Zizhao and Carlini, Nicholas and Cubuk, Ekin D and Kurakin, Alex and Zhang, Han and Raffel, Colin},
  journal={Advances in Neural Information Processing Systems},
  volume={33},
  pages={596--608},
  year={2020}
}

@article{Wang2021,
  title={Consistent-teacher: Towards reducing inconsistent pseudo-targets in semi-supervised object detection},
  author={Wang, Xinjiang and Huang, Shilong and Cheng, Minglu and Liu, Jianan and Tang, Yong and Guo, Yuejie},
  journal={IEEE Transactions on Image Processing},
  volume={30},
  pages={9329--9344},
  year={2021}
}

@article{Zhou2021,
  title={Exploring consistency regularization for semi-supervised object detection},
  author={Zhou, Xinyu and Wang, Pengfei and Li, Xianxian and Wang, Siwei},
  journal={IEEE Transactions on Circuits and Systems for Video Technology},
  volume={31},
  number={9},
  pages={3487--3499},
  year={2021}
}

@article{Cheng2019,
  title={Improving image classification with consistency learning},
  author={Cheng, Xinlei and Rao, Xiangran and Li, Haobo and Ma, Lin and Meng, Mingqiang},
  journal={IEEE Transactions on Neural Networks and Learning Systems},
  volume={31},
  number={5},
  pages={1749--1761},
  year={2019}
}

@article{LeCun1998,
  title={Gradient-based learning applied to document recognition},
  author={LeCun, Yann and Bottou, L{\'e}on and Bengio, Yoshua and Haffner, Patrick},
  journal={Proceedings of the IEEE},
  volume={86},
  number={11},
  pages={2278--2324},
  year={1998}
}

@article{Lenc2019,
  title={Understanding image representations by measuring their equivariance and equivalence},
  author={Lenc, Karel and Vedaldi, Andrea},
  journal={International Journal of Computer Vision},
  volume={127},
  number={5},
  pages={456--476},
  year={2019}
}

@article{Kanazawa2014,
  title={Locally scale-invariant convolutional neural networks},
  author={Kanazawa, Angjoo and Sharma, Abhishek and Jacobs, David},
  journal={Advances in Neural Information Processing Systems},
  volume={27},
  year={2014}
}

@article{Xu2014,
  title={Scale-invariant convolutional neural networks},
  author={Xu, Yichong and Xiao, Tianjun and Zhang, Jiaxing and Yang, Kuiyuan and Zhang, Zheng},
  journal={arXiv preprint arXiv:1411.6369},
  year={2014}
}

@article{Lin2017retinanet,
  title={Focal loss for dense object detection},
  author={Lin, Tsung-Yi and Goyal, Priya and Girshick, Ross and He, Kaiming and Doll{\'a}r, Piotr},
  journal={Proceedings of the IEEE international conference on computer vision},
  pages={2980--2988},
  year={2017}
}

@article{Redmon2018,
  title={YOLOv3: An incremental improvement},
  author={Redmon, Joseph and Farhadi, Ali},
  journal={arXiv preprint arXiv:1804.02767},
  year={2018}
}

@article{Marcos2017,
  title={Rotation equivariant vector field networks},
  author={Marcos, Diego and Volpi, Michele and Komodakis, Nikos and Tuia, Devis},
  journal={Proceedings of the IEEE International Conference on Computer Vision},
  pages={5048--5057},
  year={2017}
}

@article{Worrall2017,
  title={Harmonic networks: Deep translation and rotation equivariance},
  author={Worrall, Daniel E and Garbin, Stephan J and Turmukhambetov, Daniyar and Brostow, Gabriel J},
  journal={Proceedings of the IEEE Conference on Computer Vision and Pattern Recognition},
  pages={5028--5037},
  year={2017}
}

@article{Cohen2016,
  title={Group equivariant convolutional networks},
  author={Cohen, Taco and Welling, Max},
  journal={International conference on machine learning},
  pages={2990--2999},
  year={2016}
}

@article{Weiler2018,
  title={Learning steerable filters for rotation equivariant CNNs},
  author={Weiler, Maurice and Hamprecht, Fred A and Storath, Martin},
  journal={Proceedings of the IEEE Conference on Computer Vision and Pattern Recognition},
  pages={849--858},
  year={2018}
}

@article{Zhou2017,
  title={Oriented response networks},
  author={Zhou, Yanzhao and Ye, Qixiang and Qiu, Qiang and Jiao, Jianbin},
  journal={Proceedings of the IEEE Conference on Computer Vision and Pattern Recognition},
  pages={519--528},
  year={2017}
}

@article{Jaderberg2015,
  title={Spatial transformer networks},
  author={Jaderberg, Max and Simonyan, Karen and Zisserman, Andrew and others},
  journal={Advances in neural information processing systems},
  volume={28},
  year={2015}
}

@article{Esteves2018,
  title={Polar transformer networks},
  author={Esteves, Carlos and Allen-Blanchette, Christine and Zhou, Xiaowei and Daniilidis, Kostas},
  journal={International Conference on Learning Representations},
  year={2018}
}

@article{Sun2016,
  title={Deep convolutional network cascade for facial point detection},
  author={Sun, Yi and Wang, Xiaogang and Tang, Xiaoou},
  journal={Proceedings of the IEEE conference on computer vision and pattern recognition},
  pages={3476--3483},
  year={2016}
}

@article{Mallat2012,
  title={Group invariant scattering},
  author={Mallat, St{\'e}phane},
  journal={Communications on Pure and Applied Mathematics},
  volume={65},
  number={10},
  pages={1331--1398},
  year={2012},
  publisher={Wiley Online Library}
}

@article{Simoncelli1995,
  title={The steerable pyramid: A flexible architecture for multi-scale derivative computation},
  author={Simoncelli, Eero P and Freeman, William T},
  booktitle={Proceedings of the International Conference on Image Processing},
  volume={3},
  pages={444--447},
  year={1995},
  organization={IEEE}
}

@article{Engstrom2019,
  title={Exploring the Landscape of Spatial Robustness},
  author={Engstrom, Logan and Tran, Brandon and Tsipras, Dimitris and Schmidt, Ludwig and Madry, Aleksander},
  journal={International Conference on Machine Learning},
  pages={1802--1811},
  year={2019}
}

@article{Azulay2018,
  title={Deep learning and the information bottleneck principle},
  author={Azulay, Aharon and Weiss, Yair},
  journal={IEEE Workshop on Information Theory},
  pages={1--5},
  year={2018}
}

@article{Kayhan2020,
  title={Translation invariance and equivariance in convolutional neural networks: Implications and applications},
  author={Kayhan, Osman Semih and Gemert, Jan C van},
  journal={IEEE Transactions on Pattern Analysis and Machine Intelligence},
  pages={1},
  year={2020}
}

@article{Manfredi2020,
  title={Shift equivariance in object detection},
  author={Manfredi, Marco and Godi, Chaithanya and Luccio, Simone and Grisleri, Patrick and Zani, Vittorio and Belotti, Yuri and Coppola, Samuele and Stricker, Simone and Lopomo, Nicola},
  journal={European Conference on Computer Vision (ECCV) Workshops},
  pages={57--64},
  year={2020},
  publisher={Springer}
}

@article{Simonyan2014,
  title={Very deep convolutional networks for large-scale image recognition},
  author={Simonyan, Karen and Zisserman, Andrew},
  journal={arXiv preprint arXiv:1409.1556},
  year={2014}
}

@article{Sabour2017,
  title={Dynamic routing between capsules},
  author={Sabour, Sara and Frosst, Nicholas and Hinton, Geoffrey E},
  journal={Advances in Neural Information Processing Systems},
  volume={30},
  pages={3856--3866},
  year={2017}
}

@article{Scherer2010,
  title={Evaluation of pooling operations in convolutional architectures for object recognition},
  author={Scherer, Dominik and M{\"u}ller, Andreas and Behnke, Sven},
  journal={Artificial Neural Networks--ICANN 2010},
  pages={92--101},
  year={2010},
  publisher={Springer}
}

@article{Blot2016,
  title={Blur target tracking in rapid image sequences},
  author={Blot, Aurele and Berthier, Antoine and Portail, Marine and Hamel, Tarek},
  journal={IEEE International Conference on Robotics and Automation (ICRA)},
  pages={4221--4226},
  year={2016}
}

@article{Zou2020,
  title={Anti-aliasing semantic reconstruction for few-shot semantic segmentation},
  author={Zou, Yanzhao and Wang, Yemin and Zhou, Qiang and Huang, Kai and Wang, Xiang},
  journal={IEEE Transactions on Pattern Analysis and Machine Intelligence},
  volume={43},
  number={9},
  pages={3115--3128},
  year={2020}
}

@article{Zou2021,
  title={Learning robust representations with pyramid anti-aliasing pooling},
  author={Zou, Yanzhao and Wang, Yemin and Zhou, Qiang and Huang, Kai and Qiu, Yue},
  journal={IEEE Transactions on Image Processing},
  volume={30},
  pages={8725--8736},
  year={2021}
}

@article{Anwar2020,
  title={Densely connected anti-aliased convolutional networks for image denoising},
  author={Anwar, Saeed and Barnes, Nick},
  journal={IEEE Signal Processing Letters},
  volume={27},
  pages={2150--2154},
  year={2020}
}

@article{Zheng2021,
  title={Rethinking semantic segmentation from a sequence-to-sequence perspective with transformers},
  author={Zheng, Sixiao and Lu, Jiachen and Zhao, Hengshuang and Zhu, Xiatian and Luo, Zekun and Wang, Yabiao and Fu, Yanwei and Feng, Jianfeng and Xiang, Tao and Torr, Philip HS and Zhang, Li},
  journal={IEEE Conference on Computer Vision and Pattern Recognition},
  pages={6881--6890},
  year={2021}
}

@article{Karras2021,
  title={Alias-free generative adversarial networks},
  author={Karras, Tero and Aittala, Miika and Laine, Samuli and Härkönen, Erik and Hellsten, Janne and Lehtinen, Jaakko and Aila, Timo},
  journal={Advances in Neural Information Processing Systems},
  volume={34},
  pages={852--863},
  year={2021}
}

@article{Lin2020,
  title={Robust high-dimensional statistical inference via shift-invariant neural networks},
  author={Lin, Linyun and Drton, Mathias and Shojaie, Ali},
  journal={arXiv preprint arXiv:2005.13953},
  year={2020}
}

@article{Girshick2014,
  title={Rich feature hierarchies for accurate object detection and semantic segmentation},
  author={Girshick, Ross and Donahue, Jeff and Darrell, Trevor and Malik, Jitendra},
  journal={Proceedings of the IEEE conference on computer vision and pattern recognition},
  pages={580--587},
  year={2014}
}

@article{Girshick2015,
  title={Fast R-CNN},
  author={Girshick, Ross},
  journal={Proceedings of the IEEE international conference on computer vision},
  pages={1440--1448},
  year={2015}
}

@article{Ren2015,
  title={Faster R-CNN: Towards real-time object detection with region proposal networks},
  author={Ren, Shaoqing and He, Kaiming and Girshick, Ross and Sun, Jian},
  journal={Advances in neural information processing systems},
  volume={28},
  pages={91--99},
  year={2015}
}

@article{Liu2016,
  title={SSD: Single shot multibox detector},
  author={Liu, Wei and Anguelov, Dragomir and Erhan, Dumitru and Szegedy, Christian and Reed, Scott and Fu, Cheng-Yang and Berg, Alexander C},
  journal={European conference on computer vision},
  pages={21--37},
  year={2016},
  publisher={Springer}
}

@article{Moskvyak2021,
  title={Robust feature learning with shift-invariant sparse coding},
  author={Moskvyak, Anna and Maire, Frederic and Gonzalez, Felipe},
  journal={IEEE Transactions on Neural Networks and Learning Systems},
  volume={32},
  number={8},
  pages={3435--3449},
  year={2021}
}

@article{Yang2022,
  title={Learning shift-invariant deep convolutional networks for robustness to spatial transformations},
  author={Yang, Jingkang and Wang, Pengyun and Zhou, Kaiyang and Ye, Baoyuan and Torr, Philip HS},
  journal={Proceedings of the IEEE/CVF Conference on Computer Vision and Pattern Recognition},
  pages={12814--12823},
  year={2022}
}

@article{Wang2020,
  title={Shift-invariant CNNs for machine lifelong learning},
  author={Wang, Xiang and Wang, Sifei and Li, Huimin and Guan, Jing and Yang, Ruixin},
  journal={IEEE Transactions on Pattern Analysis and Machine Intelligence},
  volume={43},
  number={8},
  pages={2634--2648},
  year={2020}
}

@article{Chaman2022,
  title={Truly shift-invariant convolutional neural networks},
  author={Chaman, Anadi and Dokmanic, Ivan},
  journal={Proceedings of the IEEE/CVF Conference on Computer Vision and Pattern Recognition},
  pages={3773--3782},
  year={2022}
}

@article{Lin2017,
  title={Feature pyramid networks for object detection},
  author={Lin, Tsung-Yi and Doll{\'a}r, Piotr and Girshick, Ross and He, Kaiming and Hariharan, Bharath and Belongie, Serge},
  journal={Proceedings of the IEEE conference on computer vision and pattern recognition},
  pages={2117--2125},
  year={2017}
}
