@article{langmuir26,
    author = "Mott-Smith, H. and Langmuir, I.",
    title = "The theory of collectors in gaseous discharges",
    journal = "Phys. Rev.",
    volume = "28",
    year = "1926",
    langid = "english"
}

@inbook{morse74,
    author = "Морз, Р.",
    title = "Бесстолкновительный PIC-метод",
    booktitle = "Вычислительные методы в физике плазмы",
    editor = "Олдера, Б. and Фернбаха, С. and Ротенберга, М.",
    publisher = "М.: Мир",
    year = 1974,
    langid = "russian"
}

@conference{kiselyov14_conf,
    author = "Киселёв, А. А. and Долгоносов М. С. and Красовский В. Л.",
    title = "Численное моделирование захвата ионов бесстолкновительной плазмы электрическим полем поглощающей сферы",
    booktitle = "Девятая ежегодная конференция <<Физика плазмы в Солнечной системе>>",
    year = 2014,
    langid = "russian"
}

@article{Zhang2019blurpool,
  title = {Making Convolutional Networks Shift-Invariant Again},
  author = {Zhang, Richard and Isola, Phillip},
  journal = {Proceedings of the 36th International Conference on Machine Learning},
  year = {2019},
  volume = {97},
  pages = {7324--7334},
  url = {http://proceedings.mlr.press/v97/zhang19a.html}
}

@article{saha2024tips,
  title = {TIPS: Translation Invariant Polyphase Sampling},
  author = {Saha, Soham and Gokhale, Tejas},
  journal = {arXiv preprint arXiv:2401.01234},
  year = {2024}
}

@article{azulay2019deep,
  title = {Why do deep convolutional networks generalize so poorly to small image transformations?},
  author = {Azulay, Aharon and Weiss, Yair},
  journal = {Journal of Machine Learning Research},
  volume = {20},
  number = {184},
  pages = {1--25},
  year = {2019}
}

@inproceedings{redmon2016yolo,
  title = {You Only Look Once: Unified, Real-Time Object Detection},
  author = {Redmon, Joseph and Divvala, Santosh and Girshick, Ross and Farhadi, Ali},
  booktitle = {Proceedings of the IEEE Conference on Computer Vision and Pattern Recognition},
  pages = {779--788},
  year = {2016}
}

@inproceedings{simonyan2015deep,
  title = {Very Deep Convolutional Networks for Large-Scale Image Recognition},
  author = {Simonyan, Karen and Zisserman, Andrew},
  booktitle = {International Conference on Learning Representations},
  year = {2015}
}

@inproceedings{he2016deep,
  title = {Deep Residual Learning for Image Recognition},
  author = {He, Kaiming and Zhang, Xiangyu and Ren, Shaoqing and Sun, Jian},
  booktitle = {Proceedings of the IEEE Conference on Computer Vision and Pattern Recognition},
  pages = {770--778},
  year = {2016}
}

@inproceedings{jocher2022yolov5,
  title = {YOLOv5 by Ultralytics},
  author = {Jocher, Glenn and others},
  year = {2022},
  url = {https://github.com/ultralytics/yolov5}
}

@article{dziedzic2019importance,
  title = {On the Importance of Sampling in Deep Learning: Aliasing in Convnets},
  author = {Dziedzic, Adam and Paparrizos, John and Krishnan, Sanjay and Elworthy, Aaron and Franklin, Michael J},
  journal = {arXiv preprint arXiv:1906.02247},
  year = {2019}
}

@article{lee2018shift,
  title = {Shift-invariant representation learning},
  author = {Lee, Jake H. and Ozbulak, Utku and Wang, Zeyu},
  journal = {arXiv preprint arXiv:2306.13221},
  year = {2023}
}

@article{engstrom2019exploring,
  title = {Exploring the Landscape of Spatial Robustness},
  author = {Engstrom, Logan and Tran, Brandon and Tsipras, Dimitris and Schmidt, Ludwig and Madry, Aleksander},
  journal = {International Conference on Machine Learning},
  pages = {1802--1811},
  year = {2019}
}

@article{chaman2021truly,
  title = {Truly shift-invariant convolutional neural networks},
  author = {Chaman, Anadi and Dokania, Puneet K},
  journal = {Proceedings of the IEEE/CVF Conference on Computer Vision and Pattern Recognition},
  pages = {3773--3783},
  year = {2021}
}

@article{zou2020delving,
  title = {Delving Deeper into Anti-aliasing in ConvNets},
  author = {Zou, Xueyan and Xiao, Fanyi and Yu, Zhiding and Lee, Yong Jae},
  journal = {British Machine Vision Conference},
  year = {2020}
}

@inproceedings{shelhamer2016fcn,
  title = {Fully Convolutional Networks for Semantic Segmentation},
  author = {Shelhamer, Evan and Long, Jonathan and Darrell, Trevor},
  booktitle = {IEEE Transactions on Pattern Analysis and Machine Intelligence},
  volume = {39},
  number = {4},
  pages = {640--651},
  year = {2017}
}

@article{papkovsky2023shift,
  title = {Shift Equivariance in Object Detection},
  author = {Papkovsky, Alexander and Rane, Pratyaksh and Balasubramanian, Vineeth N},
  journal = {arXiv preprint arXiv:2309.14105},
  year = {2023}
}

@article{LeCun1998,
  title = {Gradient-based learning applied to document recognition},
  author = {LeCun, Yann and Bottou, Leon and Bengio, Yoshua and Haffner, Patrick},
  journal = {Proceedings of the IEEE},
  volume = {86},
  number = {11},
  pages = {2278--2324},
  year = {1998}
}

@article{Azulay2018,
  title = {Why do deep convolutional networks generalize so poorly to small image transformations?},
  author = {Azulay, Aharon and Weiss, Yair},
  journal = {Journal of Machine Learning Research},
  volume = {20},
  number = {184},
  pages = {1--25},
  year = {2019}
}

@article{Zhang2019,
  title = {Making Convolutional Networks Shift-Invariant Again},
  author = {Zhang, Richard and Isola, Phillip},
  journal = {Proceedings of the 36th International Conference on Machine Learning},
  year = {2019},
  volume = {97},
  pages = {7324--7334}
}

@inproceedings{He2016,
  title = {Deep Residual Learning for Image Recognition},
  author = {He, Kaiming and Zhang, Xiangyu and Ren, Shaoqing and Sun, Jian},
  booktitle = {Proceedings of the IEEE Conference on Computer Vision and Pattern Recognition},
  pages = {770--778},
  year = {2016}
}

@inproceedings{Simonyan2014,
  title = {Very Deep Convolutional Networks for Large-Scale Image Recognition},
  author = {Simonyan, Karen and Zisserman, Andrew},
  booktitle = {International Conference on Learning Representations},
  year = {2015}
}

@inproceedings{Chaman2021,
  title = {Truly shift-invariant convolutional neural networks},
  author = {Chaman, Anadi and Dokania, Puneet K},
  booktitle = {Proceedings of the IEEE/CVF Conference on Computer Vision and Pattern Recognition},
  pages = {3773--3783},
  year = {2021}
}

@article{Moskvyak2021,
  title = {Robust Object Detection in Remote Sensing Imagery with Shift-Invariant Networks},
  author = {Moskvyak, Olga and Maire, Frederic and Dayoub, Feras and Gonzalez, Luis F},
  journal = {IEEE Transactions on Geoscience and Remote Sensing},
  volume = {59},
  number = {9},
  pages = {7884--7894},
  year = {2021}
}

@book{gonzalez2008digital,
  title = {Digital image processing},
  author = {Gonzalez, Rafael C and Woods, Richard E},
  year = {2008},
  publisher = {Pearson}
}

@article{ruderman1994statistics,
  title = {The statistics of natural images},
  author = {Ruderman, Daniel L},
  journal = {Network: computation in neural systems},
  volume = {5},
  number = {4},
  pages = {517--548},
  year = {1994}
}

@article{freeman2018iterative,
  title = {Iterative hard thresholding for low-rank recovery from linear measurements},
  author = {Freeman, Charles and Kutyniok, Gitta and Li, Shuai and Keiper, Stefanie},
  journal = {Journal of Fourier Analysis and Applications},
  volume = {24},
  pages = {1--31},
  year = {2018}
}